<record><leader>01165cam a2200313 a 4500</leader><controlfield tag="001">1302126</controlfield><controlfield tag="008">900723s1985    ii c     b    1   0 eng c</controlfield><datafield ind1=" " ind2=" " tag="035"><subfield code="a">ocm70303007</subfield></datafield><datafield ind1=" " ind2=" " tag="040"><subfield code="b">eng</subfield></datafield><datafield ind1="0" ind2=" " tag="041"><subfield code="a">engsan</subfield></datafield><datafield ind1=" " ind2=" " tag="049"><subfield code="a">AEU</subfield><subfield code="b">eng</subfield></datafield><datafield ind1=" " ind2="4" tag="050"><subfield code="a">PK418</subfield><subfield code="b">.W6 1975</subfield></datafield><datafield ind1="0" ind2=" " tag="090"><subfield code="a">PK 418 W919 1981</subfield></datafield><datafield ind1="2" ind2=" " tag="111"><subfield code="a">World Sanskrit Conference.</subfield><subfield code="n">(5th :</subfield><subfield code="d">1981 :</subfield><subfield code="c">Varanasi, India)</subfield></datafield><datafield ind1="1" ind2="0" tag="245"><subfield code="a">Proceedings of the fifth World Sanskrit Conference :</subfield><subfield code="b">Varanasi, India, October 21-26, 1981 /</subfield><subfield code="c">edited by R. N. Dandekar, P. D. Navathe.</subfield></datafield><datafield ind1=" " ind2=" " tag="260"><subfield code="a">New Delhi, India :</subfield><subfield code="b">Rashtriya Sanskrit Sansthan,</subfield><subfield code="c">1985.</subfield></datafield><datafield ind1=" " ind2=" " tag="300"><subfield code="a">968 p. ;</subfield><subfield code="c">25 cm.</subfield></datafield><datafield ind1=" " ind2=" " tag="336"><subfield code="a">text</subfield><subfield code="b">txt</subfield><subfield code="2">rdacontent</subfield></datafield><datafield ind1=" " ind2=" " tag="337"><subfield code="a">unmediated</subfield><subfield code="b">n</subfield><subfield code="2">rdamedia</subfield></datafield><datafield ind1=" " ind2=" " tag="338"><subfield code="a">volume</subfield><subfield code="b">nc</subfield><subfield code="2">rdacarrier</subfield></datafield><datafield ind1=" " ind2=" " tag="500"><subfield code="a">Articles in English and Sanskrit.</subfield></datafield><datafield ind1=" " ind2=" " tag="504"><subfield code="a">Includes bibliographical references.</subfield></datafield><datafield ind1=" " ind2=" " tag="596"><subfield code="a">43</subfield></datafield><datafield ind1=" " ind2="0" tag="650"><subfield code="a">Sanskrit philology</subfield><subfield code="v">Congresses.</subfield></datafield><datafield ind1=" " ind2="0" tag="650"><subfield code="a">Philosophy, Indic</subfield><subfield code="v">Congresses.</subfield></datafield><datafield ind1="1" ind2=" " tag="700"><subfield code="a">Dandekar, Ramchandra Narayan.</subfield></datafield><datafield ind1="1" ind2=" " tag="700"><subfield code="a">Navathe, P. D.</subfield></datafield><datafield ind1="2" ind2=" " tag="711"><subfield code="a">World Sanskrit Conference.</subfield></datafield><datafield ind1=" " ind2=" " tag="926"><subfield code="a">PK 418 W919 1981</subfield><subfield code="w">LC</subfield><subfield code="c">1</subfield><subfield code="i">000033097155</subfield><subfield code="d">10/29/1999</subfield><subfield code="l">ON_SHELF</subfield><subfield code="m">UAHSS</subfield><subfield code="n">1</subfield><subfield code="p">$150.00</subfield><subfield code="r">Y</subfield><subfield code="s">Y</subfield><subfield code="t">BOOK</subfield><subfield code="u">7/25/1990</subfield></datafield></record>